<record xmlns:xsi="http://www.w3.org/2001/XMLSchema-instance" xmlns="http://www.loc.gov/MARC21/slim" xsi:schemaLocation="http://www.loc.gov/MARC21/slim http://www.loc.gov/standards/marcxml/schema/MARC21slim.xsd">

  <leader>00455nam a2200133Ia 4500</leader>
  <datafield tag="999" ind2=" " ind1=" ">
    <subfield code="c">1241</subfield>
    <subfield code="d">1241</subfield>
  </datafield>
  <controlfield tag="008">170522b2005    cr ||||| |||| 00| | spa d</controlfield>
  <datafield ind1=" " tag="090" ind2=" ">
    <subfield code="a">02.04.02 </subfield>
    <subfield code="b">1955</subfield>
  </datafield>
  <datafield ind2=" " tag="110" ind1="2">
    <subfield code="a">Instituto Interamericano de Derechos Humanos</subfield>
    <subfield code="9">598</subfield>
  </datafield>
  <datafield ind2="0" tag="245" ind1="1">
    <subfield code="a">Convención interamericana contra la corrupción = Inter-american convention against corruption</subfield>
  </datafield>
  <datafield ind2=" " tag="260" ind1=" ">
    <subfield code="a">San José, Costa Rica : </subfield>
    <subfield code="b">IIDH, </subfield>
    <subfield code="c">2005</subfield>
  </datafield>
  <datafield ind1=" " ind2=" " tag="300">
    <subfield code="a">30 páginas</subfield>
  </datafield>
  <datafield tag="650" ind2="0" ind1=" ">
    <subfield code="a">CORRUPCIÓN</subfield>
    <subfield code="9">2703</subfield>
  </datafield>
  <datafield ind1=" " ind2=" " tag="942">
    <subfield code="2">z</subfield>
    <subfield code="c">01</subfield>
  </datafield>
</record>